@article{cargnoni1997bayesian,
  title={Bayesian forecasting of multinomial time series through conditionally {G}aussian dynamic models},
  author={Cargnoni, Claudia and M{\"u}ller, Peter and West, Mike},
  journal={Journal of the American Statistical Association},
  volume={92},
  number={438},
  pages={640--647},
  year={1997},
  publisher={Taylor \& Francis Group}
}

@article{linzer2013dynamic,
  title={Dynamic {B}ayesian forecasting of presidential elections in the states},
  author={Linzer, Drew A},
  journal={Journal of the American Statistical Association},
  volume={108},
  number={501},
  pages={124--134},
  year={2013},
  publisher={Taylor \& Francis}
}

@book{west1997,
title={Bayesian {F}orecasting and {D}ynamic {M}odels},
author={West, Mike and Harrison, Jeff},
year={1997},
publisher={Springer-Verlag New York}
}

